@Article{schulman2017proximal,
  title        = "Proximal policy optimization algorithms",
  author       = "John Schulman and Filip Wolski and Prafulla Dhariwal
                 and Alec Radford and Oleg Klimov",
  journal      = "arXiv preprint arXiv:1707.06347",
  year         = "2017",
}
